<record><leader>00000cas a22000007a 4500</leader><controlfield tag="001">15995778</controlfield><controlfield tag="008">870618d19571966ndudr ne      0    0eng d</controlfield><datafield ind1=" " ind2=" " tag="010"><subfield code="a">sn 86056953 </subfield></datafield><datafield ind1=" " ind2=" " tag="040"><subfield code="a">CRL</subfield><subfield code="b">eng</subfield><subfield code="c">CRL</subfield><subfield code="d">NPW</subfield><subfield code="d">NSD</subfield><subfield code="d">NOP</subfield><subfield code="d">MN#</subfield><subfield code="d">CRL</subfield><subfield code="d">OCLCQ</subfield><subfield code="d">OCLCF</subfield><subfield code="d">OCLCO</subfield></datafield><datafield ind1=" " ind2=" " tag="042"><subfield code="a">msc</subfield></datafield><datafield ind1=" " ind2=" " tag="043"><subfield code="a">n-us-nd</subfield><subfield code="a">n-us-mn</subfield></datafield><datafield ind1="0" ind2="4" tag="245"><subfield code="a">The Fargo forum, daily tribune, and Moorhead daily news.</subfield></datafield><datafield ind1="1" ind2=" " tag="246"><subfield code="i">Sunday issues published with title:</subfield><subfield code="a">Sunday Fargo forum, daily tribune and Moorhead daily news</subfield></datafield><datafield ind1=" " ind2=" " tag="260"><subfield code="a">Fargo, N.D. :</subfield><subfield code="b">Forum Pub. Co.</subfield></datafield><datafield ind1=" " ind2=" " tag="300"><subfield code="a">v. :</subfield><subfield code="b">ill.</subfield></datafield><datafield ind1=" " ind2=" " tag="310"><subfield code="a">Daily,</subfield><subfield code="b">Oct. 1962-Mar. 1966</subfield></datafield><datafield ind1=" " ind2=" " tag="321"><subfield code="a">Daily (except Mon.),</subfield><subfield code="b">July 23, 1957-Sept. 1962</subfield></datafield><datafield ind1="1" ind2=" " tag="362"><subfield code="a">Began with July 23, 1957 issue; ceased with Mar. 31, 1966 issue.</subfield></datafield><datafield ind1=" " ind2=" " tag="500"><subfield code="a">The second "daily" in the title was no longer used after 1958.</subfield></datafield><datafield ind1=" " ind2=" " tag="580"><subfield code="a">Evening ed.: The Fargo forum, daily Republican, and Moorhead daily news.</subfield></datafield><datafield ind1=" " ind2=" " tag="580"><subfield code="a">Merged with: The Fargo forum, daily Republican, and Moorhead daily news, to form: Forum (Fargo, N.D.).</subfield></datafield><datafield ind1=" " ind2=" " tag="588"><subfield code="a">Description based on: Vol. 55, no. 23 (July 28, 1957).</subfield></datafield><datafield ind1=" " ind2="0" tag="651"><subfield code="a">Fargo (N.D.)</subfield><subfield code="v">Newspapers.</subfield></datafield><datafield ind1=" " ind2="0" tag="651"><subfield code="a">Moorhead (Minn.)</subfield><subfield code="v">Newspapers.</subfield></datafield><datafield ind1=" " ind2="7" tag="655"><subfield code="a">Newspapers.</subfield><subfield code="2">fast</subfield><subfield code="0">(OCoLC)fst01423814</subfield></datafield><datafield ind1=" " ind2="7" tag="651"><subfield code="a">Minnesota</subfield><subfield code="z">Moorhead.</subfield><subfield code="2">fast</subfield><subfield code="0">(OCoLC)fst01208413</subfield></datafield><datafield ind1=" " ind2="7" tag="651"><subfield code="a">North Dakota</subfield><subfield code="z">Fargo.</subfield><subfield code="2">fast</subfield><subfield code="0">(OCoLC)fst01211331</subfield></datafield><datafield ind1=" " ind2=" " tag="752"><subfield code="a">United States</subfield><subfield code="b">North Dakota</subfield><subfield code="c">Cass</subfield><subfield code="d">Fargo.</subfield></datafield><datafield ind1="1" ind2=" " tag="775"><subfield code="t">Fargo forum, daily republican and Moorhead daily news</subfield><subfield code="w">(DLC)sn 85042221</subfield><subfield code="w">(OCoLC)11961601</subfield></datafield><datafield ind1="0" ind2="4" tag="780"><subfield code="t">Fargo forum and Fargo daily tribune</subfield><subfield code="w">(DLC)sn 84027336</subfield><subfield code="w">(OCoLC)11032382</subfield></datafield><datafield ind1="0" ind2="4" tag="780"><subfield code="t">Moorhead daily news (Moorhead, Minn. : 1887)</subfield><subfield code="w">(DLC)sn 90057532</subfield><subfield code="w">(OCoLC)23166996</subfield></datafield><datafield ind1="1" ind2="7" tag="785"><subfield code="t">Fargo forum, daily Republican and Moorhead daily news</subfield><subfield code="w">(DLC)sn 85042221</subfield><subfield code="w">(OCoLC)11961601</subfield></datafield><datafield ind1="1" ind2="7" tag="785"><subfield code="t">Forum (Fargo, N.D.)</subfield><subfield code="x">0895-1292</subfield><subfield code="w">(DLC)sn 83045615</subfield><subfield code="w">(OCoLC)9563116</subfield></datafield></record>